<?xml version="1.0" encoding="UTF-8"?><collection xmlns="http://www.loc.gov/MARC21/slim"><record><leader>00538nam--2200181-i-4500</leader><controlfield tag="001">000017319</controlfield><controlfield tag="002">20161230</controlfield><controlfield tag="005">20161230201032</controlfield><controlfield tag="008">060222s1000------------r-----000-0-eng-d</controlfield><datafield ind1=" " ind2=" " tag="040"><subfield code="a">IFIN-HH</subfield></datafield><datafield ind1=" " ind2=" " tag="080"><subfield code="a">539.17</subfield></datafield><datafield ind1="1" ind2=" " tag="100"><subfield code="a">Baldin, A. M</subfield></datafield><datafield ind1="1" ind2="0" tag="245"><subfield code="a">Kinematics of nuclear reactions. translated from the russian by william e.jones</subfield><subfield code="c">A.m. baldin, v.i. gol'danskii, i.i. rozenthal</subfield></datafield><datafield ind1=" " ind2=" " tag="260"><subfield code="a">Oxford</subfield><subfield code="b">Pergamon Press</subfield><subfield code="c">1961</subfield></datafield><datafield ind1=" " ind2=" " tag="490"><subfield code="a">Xiii+303p</subfield></datafield><datafield ind1="1" ind2=" " tag="700"><subfield code="a">Rozenthal, I.I</subfield></datafield><datafield ind1=" " ind2=" " tag="852"><subfield code="a">80260</subfield><subfield code="c">539.17</subfield></datafield><datafield ind1=" " ind2=" " tag="CAT"><subfield code="a">Sys</subfield><subfield code="c">20160114</subfield><subfield code="h">125258</subfield></datafield></record></collection>